<?xml version="1.0" encoding="UTF-8"?><collection xmlns="http://www.loc.gov/MARC21/slim"><record><leader>00584nam--2200181-i-4500</leader><controlfield tag="001">000032608</controlfield><controlfield tag="002">20161230</controlfield><controlfield tag="005">20161230201039</controlfield><controlfield tag="008">060222s1000------------r-----000-0-FRE-d</controlfield><datafield ind1=" " ind2=" " tag="040"><subfield code="a">IFIN-HH</subfield></datafield><datafield ind1=" " ind2=" " tag="041"><subfield code="a">FRE</subfield></datafield><datafield ind1=" " ind2=" " tag="080"><subfield code="a">519.246.2(043)</subfield></datafield><datafield ind1="1" ind2=" " tag="100"><subfield code="a">Moche, Raymond</subfield></datafield><datafield ind1="1" ind2="0" tag="245"><subfield code="a">Decantation et separation asymptotiques uniformes;tests et estimateurs convergents dans le cas d`observations independantes, equidistrinuees ou non</subfield><subfield code="c">Raymond moche</subfield></datafield><datafield ind1=" " ind2=" " tag="260"><subfield code="a">Lille, Univ.Des Sciences Et Techniques, 1977,</subfield></datafield><datafield ind1=" " ind2=" " tag="300"><subfield code="a">195P</subfield></datafield><datafield ind1=" " ind2=" " tag="852"><subfield code="a">44863</subfield><subfield code="c">519.2</subfield></datafield><datafield ind1=" " ind2=" " tag="CAT"><subfield code="a">Sys</subfield><subfield code="c">20100531</subfield><subfield code="h">132058</subfield></datafield></record></collection>